<collection xmlns="http://www.loc.gov/MARC21/slim">
   <record>
      <leader>03791nam a2200445 i 4500</leader>
      <controlfield tag="001">6748959</controlfield>
      <controlfield tag="003">FlBoTFG</controlfield>
      <controlfield tag="005">20141121161956.0</controlfield>
      <controlfield tag="006">m|||||o||d||||||||</controlfield>
      <controlfield tag="007">cr||||</controlfield>
      <controlfield tag="008">141121t20152015fluad   ob    001 0 eng d</controlfield>
      <datafield ind1=" " ind2=" " tag="020">
         <subfield code="a">9781482214918 (e-book : PDF)</subfield>
      </datafield>
      <datafield ind1=" " ind2=" " tag="035">
         <subfield code="a">ocn897425631</subfield>
      </datafield>
      <datafield ind1=" " ind2=" " tag="039">
         <subfield code="a">exclude</subfield>
      </datafield>
      <datafield ind1=" " ind2=" " tag="040">
         <subfield code="a">FlBoTFG</subfield>
         <subfield code="b">eng</subfield>
         <subfield code="c">FlBoTFG</subfield>
         <subfield code="e">rda</subfield>
         <subfield code="d">AEU</subfield>
      </datafield>
      <datafield ind1=" " ind2="4" tag="050">
         <subfield code="a">TK7874.84</subfield>
         <subfield code="b">.M488 2015</subfield>
      </datafield>
      <datafield ind1=" " ind2=" " tag="090">
         <subfield code="a">Internet Access</subfield>
         <subfield code="b">AEU</subfield>
      </datafield>
      <datafield ind1="0" ind2="0" tag="245">
         <subfield code="a">Micro- and nanoelectronics :</subfield>
         <subfield code="b">emerging device challenges and solutions /</subfield>
         <subfield code="c">edited by Tomasz Brozek, PPDF Solutions Inc., San Jose, California, USA ; Krzysztof Iniewski, managing editor, CMOS Emerging Technologies Research Inc., Vancouver, British Columbia, Canada.</subfield>
      </datafield>
      <datafield ind1=" " ind2="1" tag="264">
         <subfield code="a">Boca Raton :</subfield>
         <subfield code="b">Taylor &amp; Francis,</subfield>
         <subfield code="c">[2015]</subfield>
      </datafield>
      <datafield ind1=" " ind2="4" tag="264">
         <subfield code="c">©2015</subfield>
      </datafield>
      <datafield ind1=" " ind2=" " tag="300">
         <subfield code="a">1 online resource.</subfield>
      </datafield>
      <datafield ind1=" " ind2=" " tag="336">
         <subfield code="a">text</subfield>
         <subfield code="2">rdacontent</subfield>
         <subfield code="0">http://id.loc.gov/vocabulary/contentTypes/txt</subfield>
      </datafield>
      <datafield ind1=" " ind2=" " tag="337">
         <subfield code="a">computer</subfield>
         <subfield code="2">rdamedia</subfield>
         <subfield code="0">http://id.loc.gov/vocabulary/mediaTypes/c</subfield>
      </datafield>
      <datafield ind1=" " ind2=" " tag="338">
         <subfield code="a">online resource</subfield>
         <subfield code="2">rdacarrier</subfield>
         <subfield code="0">http://id.loc.gov/vocabulary/carriers/cr</subfield>
      </datafield>
      <datafield ind1="1" ind2=" " tag="490">
         <subfield code="a">Devices, circuits, and systems</subfield>
      </datafield>
      <datafield ind1=" " ind2=" " tag="504">
         <subfield code="a">Includes bibliographical references and index.</subfield>
      </datafield>
      <datafield ind1="0" ind2=" " tag="505">
         <subfield code="a">section 1. Silicon compound devices -- section 2. Advanced CMOS devices -- section 3. Post-CMOS device concepts -- section 4. Elements of carbon electronics.</subfield>
      </datafield>
      <datafield ind1=" " ind2=" " tag="520">
         <subfield code="a">"Preface The progress in microelectronics in recent decades is really unimaginable. We have been witnessing unbelievable and so far undisturbed advance in device scaling and growth of integrated circuits in both functionality and complexity. Myths about the limits of miniaturization and scalability of transistors have been shattered one after another; roadblocks have been removed by power of human invention, fueled by market growth. The cost of a single transistor on silicon chip during the last 40 years decreased more than a million fold, as the number of devices on a single chip also increased more than a million fold, following the exponential dependence commonly known as the Moore's Law. Many people question if the semiconductor industry can achieve, or even afford, further scaling, especially because numerous challenges arise from both device physics and from manufacturing capabilities perspective. Traditional scaling based on reduction of physical dimensions of MOS transistors, with simultaneous reduction of supply voltages and dissipated power, is reaching its limits. It has been extended by innovations in device architecture, introduction of new materials, and inventive techniques of patterning features of nanometer size. This decreasing size comes at an increasing cost, so most recent technology generations do not offer much advantage in terms of cost per transistor, or cost per function, when compared to previous nodes"--</subfield>
         <subfield code="c">Provided by publisher.</subfield>
      </datafield>
      <datafield ind1=" " ind2=" " tag="596">
         <subfield code="a">44</subfield>
      </datafield>
      <datafield ind1=" " ind2="0" tag="650">
         <subfield code="a">Nanoelectronics</subfield>
         <subfield code="x">Equipment and supplies.</subfield>
      </datafield>
      <datafield ind1=" " ind2="0" tag="650">
         <subfield code="a">Microelectronics</subfield>
         <subfield code="x">Equipment and supplies.</subfield>
      </datafield>
      <datafield ind1=" " ind2="0" tag="650">
         <subfield code="a">Electronic apparatus and appliances</subfield>
         <subfield code="x">Materials.</subfield>
      </datafield>
      <datafield ind1="1" ind2=" " tag="700">
         <subfield code="a">Brozek, Tomasz,</subfield>
         <subfield code="e">editor.</subfield>
         <subfield code="0">http://id.loc.gov/authorities/names/n2014056071</subfield>
         <subfield code="0">http://viaf.org/viaf/310709499</subfield>
      </datafield>
      <datafield ind1="1" ind2=" " tag="700">
         <subfield code="a">Iniewski, Krzysztof,</subfield>
         <subfield code="d">1960-</subfield>
         <subfield code="e">editor.</subfield>
         <subfield code="0">http://id.loc.gov/authorities/names/n2007019278</subfield>
         <subfield code="0">http://viaf.org/viaf/51135089</subfield>
      </datafield>
      <datafield ind1=" " ind2=" " tag="758">
         <subfield code="0">http://worldcat.org/entity/work/id/2908524290</subfield>
      </datafield>
      <datafield ind1="0" ind2=" " tag="787">
         <subfield code="n">OCLC Work Id</subfield>
         <subfield code="o">http://worldcat.org/entity/work/id/2908524290</subfield>
      </datafield>
      <datafield ind1=" " ind2="0" tag="830">
         <subfield code="a">Devices, circuits, and systems.</subfield>
         <subfield code="0">http://id.loc.gov/authorities/names/no2010004727</subfield>
      </datafield>
      <datafield ind1="4" ind2="0" tag="856">
         <subfield code="3">University of Alberta Access</subfield>
         <subfield code="u">http://marc.crcnetbase.com/isbn/9781482214918</subfield>
         <subfield code="z">(Unlimited Concurrent Users)</subfield>
      </datafield>
      <datafield ind1=" " ind2=" " tag="949">
         <subfield code="h">UAIN</subfield>
         <subfield code="z">CRC</subfield>
      </datafield>
      <datafield ind1=" " ind2=" " tag="926">
         <subfield code="a">Internet Access</subfield>
         <subfield code="w">LC</subfield>
         <subfield code="c">1</subfield>
         <subfield code="i">6748959-1001</subfield>
         <subfield code="l">INTERNET</subfield>
         <subfield code="m">UAINTERNET</subfield>
         <subfield code="r">Y</subfield>
         <subfield code="s">Y</subfield>
         <subfield code="t">E-RESOURCE</subfield>
         <subfield code="u">12/2/2014</subfield>
         <subfield code="x">E-BOOK</subfield>
         <subfield code="z">CRC</subfield>
      </datafield>
   </record>
</collection>
